@article{hci,
  title={Human Computer Interaction - brief intro},
  author={Carroll, John M.},
  journal={The Encyclopedia of Human-Computer Interaction, 2nd Ed.},
  year={2013},
  publisher={The Interaction Design Foundation}
}

@article{sears,
 author = {Sears, Andrew and Shneiderman, Ben},
 title = {Split Menus: Effectively Using Selection Frequency to Organize Menus},
 journal = {ACM Trans. Comput.-Hum. Interact.},
 issue_date = {March 1994},
 volume = {1},
 number = {1},
 month = mar,
 year = {1994},
 issn = {1073-0516},
 pages = {27--51},
 numpages = {25},
 url = {http://doi.acm.org/10.1145/174630.174632},
 doi = {10.1145/174630.174632},
 acmid = {174632},
 publisher = {ACM},
 address = {New York, NY, USA},
 keywords = {human-computer interaction, menus, selection frequency, split 
menus, user interface},
} 

@inproceedings{card,
 author = {Card, Stuart K.},
 title = {User Perceptual Mechanisms in the Search of Computer Command Menus},
 booktitle = {Proceedings of the 1982 Conference on Human Factors in Computing 
Systems},
 series = {CHI '82},
 year = {1982},
 location = {Gaithersburg, Maryland, USA},
 pages = {190--196},
 numpages = {7},
 url = {http://doi.acm.org/10.1145/800049.801779},
 doi = {10.1145/800049.801779},
 acmid = {801779},
 publisher = {ACM},
 address = {New York, NY, USA},
} 

@article{somberg,
 author = {Somberg, Benjamin L.},
 title = {A Comparison of Rule-based and Positionally Constant Arrangements of 
Computer Menu Items},
 journal = {SIGCHI Bull.},
 issue_date = {April 1987},
 volume = {18},
 number = {4},
 month = may,
 year = {1986},
 issn = {0736-6906},
 pages = {255--260},
 numpages = {6},
 url = {http://doi.acm.org/10.1145/1165387.275639},
 doi = {10.1145/1165387.275639},
 acmid = {275639},
 publisher = {ACM},
 address = {New York, NY, USA},
 keywords = {computer menus, human-computer interaction, screen formatting, 
visual displays, visual search},
} 

@article{greenberg_witten,
author = { Saul   Greenberg  and  Ian H.   Witten },
title = {Adaptive personalized interfacesâ€”A question of viability},
journal = {Behaviour \& Information Technology},
volume = {4},
number = {1},
pages = {31-45},
year = {1985},
doi = {10.1080/01449298508901785},

URL = { 
        http://dx.doi.org/10.1080/01449298508901785
    
},
eprint = { 
        http://dx.doi.org/10.1080/01449298508901785
}
}

@article{mitchell_shneiderman,
 author = {Mitchell, J. and Shneiderman, B.},
 title = {Dynamic Versus Static Menus: An Exploratory Comparison},
 journal = {SIGCHI Bull.},
 issue_date = {April 1989},
 volume = {20},
 number = {4},
 month = apr,
 year = {1989},
 issn = {0736-6906},
 pages = {33--37},
 numpages = {5},
 url = {http://doi.acm.org/10.1145/67243.67247},
 doi = {10.1145/67243.67247},
 acmid = {67247},
 publisher = {ACM},
 address = {New York, NY, USA},
} 

@article{smith_mosier,
 author = {Sidney L. Smith and Jane N. Mosier},
 title = {Guidelines for designing user interface software},
 journal = {The MITRE Corporation},
 issue_date = {August 1986},
 month = aug,
 year = {1986},
 address = {Bedford, Massaschusetts, USA},
} 

@article{paula,
 author = {Selvidge Paula},
 title = {Menu Design : To Adapt, or Not To Adapt?},
 journal = {Usability News},
 issue_date = {January 2002},
 volume = {4},
 number = {1},
 month = jan,
 year = {2002},
 url = {http://usabilitynews.org/menu-design-to-adapt-or-not-to-adapt/},
 publisher = {SURL},
 address = {Wichita, KS, USA},
 keywords = {computer menus, human-computer interaction, adapt}
} 

@article{warren_bolton,
 author = {James R. Warre, Patrick Bolton},
 title = {Intelligent Spit Menus for Data Entry: A Stimulation Study in 
General Practice Medicine},
 journal = {Inform Assoc},
 issue_date = {November 1999},
 month = nov,
 year = {1999},
 pages = {450--454},
 numpages = {5},
 url = {http://ncbi.nlm.nih.gov/pubmed/10566399},
 publisher = {Inform Assoc}
} 

@inproceedings{mona,
  author="Mona L. Toms and Mark A. Cummings-Hill and David G. Curry and Scott 
M.   Cone",
  journal="",
  publisher="SAE International",
  title="Using Cluster Analysis for Deriving Menu Structures for Automotive 
Mobile   Multimedia Applications",
  booktitle="SAE Technical Paper",
  year="2001",
  month="03",
  volume="",
  url="http://dx.doi.org/10.4271/2001-01-0359",
  pages="",
  number="",
  doi="10.4271/2001-01-0359"
} 

@article{saipu,
 author = {Saipunidzam MahamadSyarifah Bahiyah Rahayu Syed MansoorRajaletchume 
A/P Annamalai},
 title = {User Perception on Intelligent Split Menu for Web Browser Data Entry},
 journal = {Innovations and Advanced Techniques in Computer and Information 
Sciences and Engineering.},
 issue_date = {2007},
 year = {2007},
 pages = {439--442},
 numpages = {4},
 url = {https://doi.org/10.1007/978-1-4020-6268-1_78},
 doi = {/10.1007/978-1-4020-6268-1_78},
 publisher = {Springer},
 address = {Dordrecht},
} 
 

@inproceedings{alomar1,
 author = {Al-Omar, Khalid and Rigas, Dimitrios},
 title = {The Effect of Size of Personalised Menus on User Satisfaction},
 booktitle = {Proceedings of the 11th WSEAS International Conference on 
Mathematical Methods and Computational Techniques in Electrical Engineering},
 series = {MMACTEE'09},
 year = {2009},
 isbn = {978-960-474-124-3},
 location = {Athens, Greece},
 pages = {322--327},
 numpages = {6},
 url = {http://dl.acm.org/citation.cfm?id=1949006.1949062},
 acmid = {1949062},
 publisher = {World Scientific and Engineering Academy and Society (WSEAS)},
 address = {Stevens Point, Wisconsin, USA},
 keywords = {adaptable, adaptive, interactive systems, menus, mixed-initiative, 
usability, user satisfaction},
} 

@inproceedings{tsandilas,
 author = {Tsandilas, Theophanis and Schraefel, M. C.},
 title = {An Empirical Assessment of Adaptation Techniques},
 booktitle = {CHI '05 Extended Abstracts on Human Factors in Computing Systems},
 series = {CHI EA '05},
 year = {2005},
 isbn = {1-59593-002-7},
 location = {Portland, OR, USA},
 pages = {2009--2012},
 numpages = {4},
 url = {http://doi.acm.org/10.1145/1056808.1057079},
 doi = {10.1145/1056808.1057079},
 acmid = {1057079},
 publisher = {ACM},
 address = {New York, NY, USA},
 keywords = {adaptation techniques, adaptive interfaces, user study},
} 

@inproceedings{fukazawa,
 author = {Fukazawa, Yusuke and Hara, Mirai and Onogi, Masashi and Ueno, 
Hidetoshi},
 title = {Automatic Mobile Menu Customization Based on User Operation History},
 booktitle = {Proceedings of the 11th International Conference on Human-Computer 
Interaction with Mobile Devices and Services},
 series = {MobileHCI '09},
 year = {2009},
 isbn = {978-1-60558-281-8},
 location = {Bonn, Germany},
 pages = {50:1--50:4},
 articleno = {50},
 numpages = {4},
 url = {http://doi.acm.org/10.1145/1613858.1613921},
 doi = {10.1145/1613858.1613921},
 acmid = {1613921},
 publisher = {ACM},
 address = {New York, NY, USA},
 keywords = {SVM, mobile menu, personalization, recommendation, support vector 
machine},
} 

@inproceedings{findlater,
 author = {Findlater, Leah and Moffatt, Karyn and McGrenere, Joanna and Dawson, 
Jessica},
 title = {Ephemeral Adaptation: The Use of Gradual Onset to Improve Menu 
Selection Performance},
 booktitle = {Proceedings of the SIGCHI Conference on Human Factors in Computing 
Systems},
 series = {CHI '09},
 year = {2009},
 isbn = {978-1-60558-246-7},
 location = {Boston, MA, USA},
 pages = {1655--1664},
 numpages = {10},
 url = {http://doi.acm.org/10.1145/1518701.1518956},
 doi = {10.1145/1518701.1518956},
 acmid = {1518956},
 publisher = {ACM},
 address = {New York, NY, USA},
 keywords = {abrupt visual onset, adaptive interfaces, interaction techniques, 
menu design, personalization, user study},
}

@misc{android_textview,
  author = {Google Android},
  title = {TextView},
  howpublished = 
"\url{https://developer.android.com/reference/android/widget/TextView.html}",
  year = 2014,
  note = "[Online; accessed 23-July-2017]"
}

@misc{android_edittext,
  author = {Google Android},
  title = {EditText},
  howpublished = 
"\url{https://developer.android.com/reference/android/widget/EditText.html}",
  year = 2014,
  note = "[Online; accessed 23-July-2017]"
}

@book{effectiveness,
    publisher = {Oxford University Press},
    author = {Effectiveness.},
    title = {Oxford English Dictionary},
    year = {2017},
}

@techreport{iso,
    author = {{ISO}},
    citeulike-article-id = {3290754},
    citeulike-linkout-0 = 
{http://www.userfocus.co.uk/resources/iso9241/part11.html},
    institution = {International Organization for Standardization},
    keywords = {definition, guidelines, iso, standard, usability},
    posted-at = {2008-09-18 22:09:17},
    priority = {2},
    title = {{ISO 9241-11:1998 Ergonomic requirements for office work with 
visual display terminals (VDTs) -- Part 11: Guidance on usability}},
    url = {http://www.userfocus.co.uk/resources/iso9241/part11.html},
    year = {1998}
}

@book{efficiency,
    publisher = {Oxford University Press},
    author = {Efficiency.},
    title = {Oxford English Dictionary},
    year = {2017},
}